@Article{SPRQT16,
  author    = {Six, P. and Campagne-Ibarcq, Ph. and Dotsenko, I. and Sarlette, A. and Huard, B. and Rouchon, P.},
  title     = {Quantum state tomography with noninstantaneous measurements, imperfections, and decoherence},
  journal   = {Phys. Rev. A},
  year      = {2016},
  volume    = {93},
  pages     = {012109},
  month     = {Jan},
  doi       = {10.1103/PhysRevA.93.012109},
  issue     = {1},
  numpages  = {9},
  publisher = {American Physical Society},
  note      = {\doi{10.1103/PhysRevA.93.012109}},
}

@PhdThesis{SPHD16,
  author  = {Six, Pierre},
  title   = {Estimation d'état et de paramètres pour les systèmes quantiques ouverts},
  year    = {2016},
  comment = {Thèse de doctorat Mathématique et automatique Paris Sciences et Lettres 2016 2016PSLEM019},
  note     = {\url{http://www.theses.fr/2016PSLEM019/document}},
}

@PhdThesis{SayPHD11,
  author  = {Sayrin, Clément},
  title   = {Préparation et stabilisation d'un champ non
classique en cavité par rétroaction quantique},
  year    = {2011},
  comment = {Thèse de doctorat de l'université Paris VI},
}


@InBook{SPRAL17,
  chapter   = {Asymptotic expansions of Laplace integrals for quantum state tomography},
  pages     = {307--327},
  title     = {Feedback Stabilization of Controlled Dynamical Systems},
  publisher = {Springer},
  year      = {2017},
  author    = {Six, P. and P. Rouchon},
  series    = {Lecture notes in Control and Information Sciences 473},
  note      = {\url{https://arxiv.org/abs/1607.00948}}
}
@unpublished{VM19,
  author = {V. Métillon and S. Gerlich and M. Brune and J.M. Raimond and P. Rouchon and I. Dotsenko},
  title  = {Benchmarking maximum-likelihood state estimation
            with an entangled two-cavity state},
  yeat   = {2019},
  note = {\url{https://arxiv.org/abs/1904.04681}}
}

@book{Har06,
      author        = {Haroche, Serge and Raimond, Jean Michel},
      title         = {Exploring the Quantum: Atoms, Cavities, and Photons},
      publisher     = {Oxford Univ. Press},
      address       = {Oxford},
      year          = {2006},
      url           = "https://cds.cern.ch/record/993568",
      doi           = "10.1093/acprof:oso/9780198509141.001.0001",
      note          = {\doi{10.1093/acprof:oso/9780198509141.001.0001}}
}

@book{Bhatia07,
  added-at = {2008-03-10T13:59:27.000+0100},
  address = {Princeton, NJ, USA},
  author = {Bhatia, Rajendra},
  publisher = {Princeton University Press},
  series = {Princeton Series in Applied Mathematics},
  title = {Positive Definite Matrices},
  note = {\url{http://press.princeton.edu/titles/8445.html}},
  year = 2007
}

@misc{ConvAspr,
  author        = {Alexandre d'Aspremont},
  title         = {Lecture notes on convex optimization, first session},
  comment = {Lecture notes in convex optimization},
  note={\url{https://www.di.ens.fr/~aspremon/PDF/ENS/ConvexityENS.pdf}}
}

@InBook{QCQI,
  chapter   = {8.2 Quantum operations},
  pages     = {356--373},
  title     = {Quantum Computation and Quantum Information},
  publisher = {Cambridge University},
  year      = {2001},
  author    = {Michael A. Nielsen and  Isaac L. Chuang},
}
